<record><leader>00000cas a22000007a 4500</leader><controlfield tag="001">11162858</controlfield><controlfield tag="008">840917d18691871ohudn ne      0    0eng d</controlfield><controlfield tag="009">3770</controlfield><datafield ind1=" " ind2=" " tag="010"><subfield code="a">sn 84024188 </subfield></datafield><datafield ind1=" " ind2=" " tag="040"><subfield code="a">NPV</subfield><subfield code="b">eng</subfield><subfield code="c">NPV</subfield><subfield code="d">NPX</subfield><subfield code="d">DLC</subfield><subfield code="d">ONP</subfield></datafield><datafield ind1="1" ind2=" " tag="029"><subfield code="a">AU@</subfield><subfield code="b">000025830310</subfield></datafield><datafield ind1=" " ind2=" " tag="042"><subfield code="a">msc</subfield></datafield><datafield ind1="0" ind2="0" tag="050"><subfield code="a">Newspaper 9231</subfield></datafield><datafield ind1="0" ind2="0" tag="245"><subfield code="a">Cincinnati daily chronicle.</subfield></datafield><datafield ind1=" " ind2=" " tag="260"><subfield code="a">Cincinnati, [Ohio] :</subfield><subfield code="b">Cincinnati Chronicle Co.,</subfield><subfield code="c">1869-1871.</subfield></datafield><datafield ind1=" " ind2=" " tag="300"><subfield code="a">v. :</subfield><subfield code="b">ill. (chiefly advertisements) ;</subfield><subfield code="c">67-71 cm.</subfield></datafield><datafield ind1=" " ind2=" " tag="310"><subfield code="a">Daily (except Sun.)</subfield></datafield><datafield ind1="0" ind2=" " tag="362"><subfield code="a">Vol. 2, no. 278 (Dec. 1, 1869)-v. 4, no. 101 (Apr. 28, 1871).</subfield></datafield><datafield ind1=" " ind2=" " tag="515"><subfield code="a">Vol. 2, no. [303] (Dec. 31, 1869) misnumbered 302.</subfield></datafield><datafield ind1=" " ind2=" " tag="752"><subfield code="a">United States</subfield><subfield code="b">Ohio</subfield><subfield code="c">Hamilton</subfield><subfield code="d">Cincinnati.</subfield></datafield><datafield ind1="0" ind2=" " tag="775"><subfield code="t">Cincinnati weekly chronicle</subfield><subfield code="w">(DLC)sn 84024185</subfield></datafield><datafield ind1="0" ind2="0" tag="780"><subfield code="t">Cincinnati evening chronicle</subfield><subfield code="w">(DLC)sn 84024186</subfield></datafield><datafield ind1="0" ind2="7" tag="785"><subfield code="t">Cincinnati daily times (Cincinnati, Ohio : 1861)</subfield><subfield code="w">(DLC)sn 83045113</subfield></datafield><datafield ind1="0" ind2="7" tag="785"><subfield code="t">Cincinnati times and chronicle</subfield><subfield code="w">(DLC)sn 83045112</subfield></datafield></record>